@inproceedings{rhodes2008sbcl,
  title={Sbcl: A sanely-bootstrappable common lisp},
  author={Rhodes, Christophe},
  booktitle={Workshop on Self-sustaining Systems},
  pages={74--86},
  year={2008},
  organization={Springer}
}

@inproceedings{durand2019bootstrapping,
  title={Bootstrapping Common Lisp using Common Lisp},
  author={Durand, Ir{\`e}ne A and Strandh, Robert},
  booktitle={EUROPEAN LISP SYMPOSIUM},
  year={2019}
}

@article{roussel2019methodically,
  title={Methodically defeating nintendo switch security},
  author={Roussel-Tarbouriech, Gauvain Tanguy Henri Gabriel and Menard, Noel and True, Tyler and Vi, Tini and others},
  journal={arXiv preprint arXiv:1905.07643},
  year={2019}
}

@article{morgan2020,
  title={New Switch mod delivers real-time CPU, GPU and thermal monitoring â€“ and the results are remarkable},
  author={Morgan, Thomas},
  journal={Eurogamer},
  year={2020}
}

@inproceedings{attardi1994embeddable,
  title={The embeddable common Lisp},
  author={Attardi, Guiseppe},
  booktitle={Papers of the fourth international conference on LISP users and vendors},
  pages={30--41},
  year={1994}
}

@misc{switchbrew,
  title={SwitchBrew},
  url={https://switchbrew.org/}
}
