@misc{gtav,
  title={GTA V-Graphics Study},
  author={Courreges, Adrian},
  year={2015},
  publisher={Available},
  howpublished="\url{http://www.adriancourreges.com/blog/2015/11/02/gta-v-graphics-study/}",
  note = "[Online; accessed 2019.01.24]"
}

@book{spark,
  title={Spark: modular, composable shaders for graphics hardware},
  author={Foley, Tim and Hanrahan, Pat},
  volume={30},
  number={4},
  year={2011},
  publisher={ACM},
  howpublished="\url{http://www.cs.cmu.edu/afs/cs.cmu.edu/academic/class/15869-f11/www/readings/foley11_spark.pdf}",
}

@inproceedings{unity,
  title={Dissecting games engines: The case of Unity3D},
  author={Messaoudi, Farouk and Simon, Gwendal and Ksentini, Adlen},
  booktitle={Proceedings of the 2015 International Workshop on Network and Systems Support for Games},
  pages={4},
  year={2015},
  organization={IEEE Press},
  howpublished="\url{https://perso.telecom-bretagne.eu/gwendalsimon/data/messaoudi15netgames.pdf}",
}

@misc{unitycustom,
  title={Scriptable Render Pipeline},
  year={2018},
  organisation={Unity Technologies},
  howpublished="\url{https://docs.unity3d.com/Manual/ScriptableRenderPipeline.html}",
  note = "[Online; accessed 2019.01.24]"
}

@inproceedings{glsloop,
  title={Object Oriented Shader Composition Using CLOS},
  author={Hafner, Nicolas},
  booktitle={11 th European Lisp Symposium},
  pages={80},
  year={2018},
  howpublished="\url{https://european-lisp-symposium.org/static/2018/hafner.pdf}",
}

@misc{fibers,
  title={Parallelizing the Naughty Dog Engine Using Fibers},
  author={Gyrling, Christian},
  organisation={Naughty Dog},
  year={2015},
  publisher={Games Developer Conference},
  howpublished="\url{https://www.gdcvault.com/play/1022186/Parallelizing-the-Naughty-Dog-Engine}",
  note = "[Online; accessed 2019.01.24]"
}

@article{forward+,
  title={Forward+: Bringing deferred lighting to the next level},
  author={Harada, Takahiro and McKee, Jay and Yang, Jason C},
  year={2012},
  publisher={The Eurographics Association},
  howpublished="\url{https://pdfs.semanticscholar.org/a0bf/33718c5f4a60b09aa64989be14b04312974f.pdf}",
}

@misc{forward+talk,
  title={Forward Rendering Pipeline for Modern GPUs},
  author={{Harada, Takahiro}, {McKee, Jay}},
  year=2012,
  publisher={Games Developer Conference},
  howpublished="\url{https://www.gdcvault.com/play/1016435/Forward-Rendering-Pipeline-for-Modern}",
  note = "[Online; accessed 2019.01.24]"
}

@article{components,
  title={Shader components: modular and high performance shader development},
  author={He, Yong and Foley, Tim and Hofstee, Teguh and Long, Haomin and Fatahalian, Kayvon},
  journal={ACM Transactions on Graphics (TOG)},
  volume={36},
  number={4},
  pages={100},
  year={2017},
  publisher={ACM},
  howpublished="\url{http://graphics.cs.cmu.edu/projects/shadercomp/he17_shadercomp.pdf}",
}