

@inproceedings{kuck2007object,
  title={Object-Oriented Shader Design.},
  author={Kuck, Roland},
  booktitle={Eurographics (Short Papers)},
  pages={65--68},
  year={2007}
}

@inproceedings{mccool2002shader,
  title={Shader metaprogramming},
  author={McCool, Michael D and Qin, Zheng and Popa, Tiberiu S},
  booktitle={Proceedings of the ACM SIGGRAPH/EUROGRAPHICS conference on Graphics hardware},
  pages={57--68},
  year={2002},
  organization={Eurographics Association}
}

@inproceedings{trapp2007automated,
  title={Automated Combination of Real-Time Shader Programs.},
  author={Trapp, Matthias and D{\"o}llner, J{\"u}rgen},
  booktitle={Eurographics (Short Papers)},
  pages={53--56},
  year={2007}
}

@book{rost2009opengl,
  title={OpenGL shading language},
  author={Rost, Randi J and Licea-Kane, Bill and Ginsburg, Dan and Kessenich, John and Lichtenbelt, Barthold and Malan, Hugh and Weiblen, Mike},
  year={2009},
  publisher={Pearson Education}
}

@misc{vtk,
  title={Visualization TOolkit},
  author={Kitware, Inc.},
  url={https://gitlab.kitware.com/vtk/vtk}
}

@misc{varjo,
  title={Varjo, a Lisp to GLSL compiler},
  author={Chris Bagley},
  year={2016},
  url={https://github.com/cbaggers/varjo}
}

@misc{arbinclude,
  title={GL ARB shading language include},
  author={Leech, Jon},
  year={2013},
  url={https://www.khronos.org/registry/OpenGL/extensions/ARB/ARB_shading_language_include.txt}
}