@misc{radiance,
title="Radiance - A Web Application Envrionment",
author="Hafner, N.",
publisher="Shirakumo",
note="[Online; accessed 2016.12.16] \url{http://shirakumo.org/projects/radiance}"
}

@misc{clip,
title="Clip - A Common Lisp HTML templating engine",
author="Hafner, N.",
publisher="Shirakumo",
note="[Online; accessed 2016.12.16] \url{https://github.com/Shinmera/clip}"
}

@misc{microframeworks,
title="Microframework",
author="Various",
publisher="Wikipedia",
note="[Online; accessed 2016.12.16] \url{https://en.wikipedia.org/wiki/Microframework}"
}

@misc{symfony,
title="Symfony",
author="Various",
publisher="Wikipedia",
note="[Online; accessed 2017.3.13] \url{https://en.wikipedia.org/wiki/Symfony}"
}