@article{hafner2021,
  title={Using a Highly Dynamic Language for Development},
  author={Hafner, Nicolas},
  year={2021},
  organization={Game Industry Conference},
  url={https://github.com/Shinmera/talks/blob/master/gic2021-highly-dynamic/paper.pdf}
}

@inproceedings{hafner2018,
  title={Object Oriented Shader Composition Using CLOS.},
  author={Hafner, Nicolas},
  booktitle={ELS},
  pages={80--83},
  year={2018}
}