@article{oikarinen1993internet,
  title={Internet relay chat protocol},
  author={Oikarinen, Jarkko and Reed, Darren},
  year={1993},
  publisher={RFC 1459, May},
  url={http://www.hjp.at/doc/rfc/rfc1459.html}
}

@article{penpoppichanan2001security,
  title={Security model in internet relay chat},
  author={Penpoppichanan, Tharnkamol},
  year={2001},
  publisher={Bangkok: Assumption University},
  url={https://repository.au.edu/server/api/core/bitstreams/455e1963-f8b3-4eb4-ad06-d3877c2c737c/content}
}

@article{saint2004extensible,
  title={Extensible messaging and presence protocol (XMPP): Core},
  author={Saint-Andre, Peter and others},
  year={2004},
  publisher={RFC 3920, October},
  url={http://www.hjp.at/doc/rfc/rfc6120.html}
}

@inproceedings{nabeel2017many,
  title={The Many Faces of End-to-End Encryption and Their Security Analysis},
  author={Nabeel, Mohamed},
  booktitle={2017 IEEE International Conference on Edge Computing (EDGE)},
  pages={252--259},
  year={2017},
  organization={IEEE}
}

@misc{whisper2014,
  title={Private Group Messaging},
  author={moxie0},
  organization={Whisper Systems},
  url={https://signal.org/blog/private-groups/}
}

@article{saint2009xmpp,
  title={XMPP: lessons learned from ten years of XML messaging},
  author={Saint-Andre, Peter},
  journal={IEEE Communications Magazine},
  volume={47},
  number={4},
  pages={92--96},
  year={2009},
  publisher={IEEE}
}

@article{jennings2006study,
  title={A study of internet instant messaging and chat protocols},
  author={Jennings, Raymond B and Nahum, Erich M and Olshefski, David P and Saha, Debanjan and Shae, Zon-Yin and Waters, Chris},
  journal={IEEE Network},
  volume={20},
  number={4},
  pages={16--21},
  year={2006},
  publisher={IEEE}
}