@inproceedings{liu2008convex,
  title={Convex hull covering of polygonal scenes for accurate collision detection in games.},
  author={Liu, Rong and Zhang, Hao and Busby, James},
  booktitle={Graphics interface},
  pages={203--210},
  year={2008},
  url={https://www.cs.sfu.ca/~haoz/pubs/liu_zhang_gi08.pdf}
}

@incollection{mamou2016volumetric,
  title={Volumetric hierarchical approximate convex decomposition},
  author={Mamou, Khaled and Lengyel, E and Peters, A},
  booktitle={Game Engine Gems 3},
  pages={141--158},
  year={2016},
  publisher={AK Peters}
}